%when want to override LaTex getting rid of capital letters, wrap the word in curly brackets

@misc{Park_Huang_Hsu_Kim_Nagashima_2024, title={Asia’s petrochemical outlook 2024--the last cough of a cyclical trough}, url={https://www.spglobal.com/ratings/en/research/articles/240115-asia-s-petrochemical-outlook-2024-the-last-cough-of-a-cyclical-trough-12940474}, journal={Asia’s Petrochemical Outlook 2024--The Last Cough Of A Cyclical Trough | S&P Global Ratings}, publisher={S&P Global}, author={Park, Shawn and Huang, Betty and Hsu, Raymond and Kim, Taehee and Nagashima, Hiroshi}, year={2024}, month={Jan}} 

@misc{Damodaran_2024, title={Betas by sector (US)}, url={https://pages.stern.nyu.edu/~adamodar/New_Home_Page/datafile/Betas.html}, journal={Betas}, author={Damodaran, Aswath}, year={2024}, month={Jan}} 
